@incollection{Longuet-Higgins:1987:CAR:33517.33523,
  author = {Longuet-Higgins, H. C.},
  chapter = {A Computer Algorithm for Reconstructing a Scene from Two Projections},
  title = {Readings in Computer Vision: Issues, Problems, Principles, and Paradigms},
  editor = {Fischler, Martin A. and Firschein, Oscar},
  year = {1987},
  isbn = {0-934613-33-8},
  pages = {61--62},
  numpages = {2},
  url = {http://dl.acm.org/citation.cfm?id=33517.33523},
  acmid = {33523},
  publisher = {Morgan Kaufmann Publishers Inc.},
  address = {San Francisco, CA, USA},
} 

@phdtheseis{AICPub329:1992,
  author={Luong, Q.-T.},
  title={Matrice fondamentale et auto-calibration en vision par ordinateur},
  school={Universite de Paris-Sud, Orsay},
  month{Dec.},
  year={1992}
}

@article{Hartley:1997:DEA:262631.262634,
  author = {Hartley, Richard I.},
  title = {In Defense of the Eight-Point Algorithm},
  journal = {IEEE Trans. Pattern Anal. Mach. Intell.},
  issue_date = {June 1997},
  volume = {19},
  number = {6},
  month = jun,
  year = {1997},
  issn = {0162-8828},
  pages = {580--593},
  numpages = {14},
  url = {http://dx.doi.org/10.1109/34.601246},
  doi = {10.1109/34.601246},
  acmid = {262634},
  publisher = {IEEE Computer Society},
  address = {Washington, DC, USA},
  keywords = {Fundamental matrix, eight-point algorithm, condition number, epipolar structure, stereo vision.},
} 

@Book{Hartley2004, 
  author = "Hartley, R.~I. and Zisserman, A.",
  title = "Multiple View Geometry in Computer Vision",
  edition = "Second",
  year = "2004",
  publisher = "Cambridge University Press, ISBN: 0521540518"
}

@online{triangulation,
  author = {Prof. B. Leibe},
  title = {Fundamental Matrix, RANSAC, Triangulation},
  year = 2010,
  url = {hhttp://www.vision.rwth-aachen.de/teaching/computer-vision-ws-09-10/exercise/cv09-exercise06.pdf},
  urldate = {2010-01-18}
}

